@inproceedings{Li2022SimCC,
  author    = {Yanjie Li and Sen Yang and Peidong Liu and Shoukui Zhang and Yunxiao Wang and Zhicheng Wang and Wankou Yang and Shu{-}Tao Xia},
  title     = {{SimCC}: A Simple Coordinate Classification Perspective for Human Pose Estimation},
  booktitle = {Proceedings of the 17th European Conference on Computer Vision (ECCV)},
  year      = {2022},
  pages     = {89--106}
}

@inproceedings{Wang2020CSPNet,
  author    = {Chien-Yao Wang and Hong-Yuan Mark Liao and I-Hau Yeh and Yueh-Hua Wu and Ping-Yang Chen and Jun-Wei Hsieh},
  title     = {{CSPNet}: A New Backbone that can Enhance Learning Capability of {CNN}},
  booktitle = {Proceedings of the IEEE/CVF Conference on Computer Vision and Pattern Recognition Workshops (CVPRW)},
  year      = {2020},
  pages     = {1571--1580}
}

@inproceedings{Hu2018SENet,
  author    = {Jie Hu and Li Shen and Gang Sun},
  title     = {Squeeze-and-Excitation Networks},
  booktitle = {Proceedings of the IEEE Conference on Computer Vision and Pattern Recognition (CVPR)},
  year      = {2018},
  pages     = {7132--7141}
}

@article{Dubey2023PoseSurvey,
  author    = {Shradha Dubey and Manish Dixit},
  title     = {A comprehensive survey on human pose estimation approaches},
  journal   = {Multimedia Systems},
  volume    = {29},
  pages     = {167--195},
  year      = {2023}
}

@inproceedings{Li2021OKD,
  author    = {Zheng Li and Jingwen Ye and Mingli Song and Ying Huang and Zhigeng Pan},
  title     = {Online Knowledge Distillation for Efficient Pose Estimation},
  booktitle = {Proceedings of the IEEE/CVF International Conference on Computer Vision (ICCV)},
  year      = {2021},
  pages     = {11720--11730}
}

@article{Ren2021LightweightPose,
  author    = {Haopan Ren and Wenming Wang and Kaixiang Zhang and Dejian Wei and Yanyan Gao and Yue Sun},
  title     = {Fast and Lightweight Human Pose Estimation},
  journal   = {IEEE Access},
  volume    = {9},
  pages     = {49576--49589},
  year      = {2021}
}